<?xml version="1.0" encoding="UTF-8"?><record xmlns="http://www.loc.gov/MARC21/slim" xmlns:cinclude="http://apache.org/cocoon/include/1.0" xmlns:zs="http://www.loc.gov/zing/srw/">
  <leader>00749cz  a2200181n  4500</leader>
  <controlfield tag="001">no2002032066</controlfield>
  <controlfield tag="003">DLC</controlfield>
  <controlfield tag="005">20130320091349.0</controlfield>
  <controlfield tag="008">020415n| acannaabn          |a aaa     c</controlfield>
  <datafield tag="010" ind1=" " ind2=" ">
    <subfield code="a">no2002032066</subfield>
  </datafield>
  <datafield tag="035" ind1=" " ind2=" ">
    <subfield code="a">(OCoLC)oca05738339</subfield>
  </datafield>
  <datafield tag="040" ind1=" " ind2=" ">
    <subfield code="a">IEN</subfield>
    <subfield code="b">eng</subfield>
    <subfield code="c">IEN</subfield>
    <subfield code="d">DLC</subfield>
  </datafield>
  <datafield tag="046" ind1=" " ind2=" ">
    <subfield code="f">1807</subfield>
    <subfield code="g">1860</subfield>
  </datafield>
  <datafield tag="100" ind1="1" ind2=" ">
    <subfield code="a">Frank, Gustav,</subfield>
    <subfield code="c">Ritter von,</subfield>
    <subfield code="d">1807-1860</subfield>
  </datafield>
  <datafield tag="400" ind1="1" ind2=" ">
    <subfield code="a">Von Frank, Gustav,</subfield>
    <subfield code="c">Ritter,</subfield>
    <subfield code="d">1807-1860</subfield>
  </datafield>
  <datafield tag="667" ind1=" " ind2=" ">
    <subfield code="a">THIS 1XX FIELD CANNOT BE USED UNDER RDA UNTIL THIS RECORD HAS BEEN REVIEWED AND/OR UPDATED</subfield>
  </datafield>
  <datafield tag="670" ind1=" " ind2=" ">
    <subfield code="a">Bibliothek der deutschen Literatur, Bibliographie und Register, 1995</subfield>
    <subfield code="b">(Frank, Gustav von, 1807-1860)</subfield>
  </datafield>
  <datafield tag="670" ind1=" " ind2=" ">
    <subfield code="a">OCLC, April 12, 2002</subfield>
    <subfield code="b">(hdgs.: Frank, Gustav, Ritter von, 1807-1860, Frank, Gustav von; usage: Dr. Frank, Gustav von Franck)</subfield>
  </datafield>
</record>